%YAML 1.1
%TAG !u! tag:unity3d.com,2011:
--- !u!1 &137534
GameObject:
  m_ObjectHideFlags: 0
  m_PrefabParentObject: {fileID: 0}
  m_PrefabInternal: {fileID: 100100000}
  serializedVersion: 4
  m_Component:
  - 4: {fileID: 442324}
  - 212: {fileID: 21257086}
  - 114: {fileID: 11495830}
  - 60: {fileID: 6018036}
  m_Layer: 0
  m_Name: PickUpLife
  m_TagString: Untagged
  m_Icon: {fileID: 0}
  m_NavMeshLayer: 0
  m_StaticEditorFlags: 0
  m_IsActive: 1
--- !u!4 &442324
Transform:
  m_ObjectHideFlags: 1
  m_PrefabParentObject: {fileID: 0}
  m_PrefabInternal: {fileID: 100100000}
  m_GameObject: {fileID: 137534}
  m_LocalRotation: {x: 0, y: 0, z: 0, w: 1}
  m_LocalPosition: {x: 0, y: 0, z: 0}
  m_LocalScale: {x: 1, y: 1, z: 1}
  m_Children: []
  m_Father: {fileID: 0}
  m_RootOrder: 0
--- !u!60 &6018036
PolygonCollider2D:
  m_ObjectHideFlags: 1
  m_PrefabParentObject: {fileID: 0}
  m_PrefabInternal: {fileID: 100100000}
  m_GameObject: {fileID: 137534}
  m_Enabled: 1
  m_Density: 1
  m_Material: {fileID: 0}
  m_IsTrigger: 0
  m_UsedByEffector: 0
  m_Offset: {x: 0, y: 0}
  m_Points:
    m_Paths:
    - - {x: 0.65, y: -0.84999996}
      - {x: 0.83, y: -0.71999997}
      - {x: 1.09, y: -0.45}
      - {x: 1.17, y: -0.32}
      - {x: 1.23, y: -0.14999999}
      - {x: 1.27, y: 0.04}
      - {x: 1.28, y: 0.089999996}
      - {x: 1.28, y: 0.48999998}
      - {x: 1.24, y: 0.64}
      - {x: 1.17, y: 0.81}
      - {x: 1.0699999, y: 0.96}
      - {x: 0.95, y: 1.06}
      - {x: 0.82, y: 1.13}
      - {x: 0.72999996, y: 1.16}
      - {x: 0.35, y: 1.16}
      - {x: 0.22, y: 1.11}
      - {x: 0.089999996, y: 1.05}
      - {x: -0.08, y: 0.85999995}
      - {x: -0.24, y: 0.97999996}
      - {x: -0.34, y: 1.04}
      - {x: -0.52, y: 1.09}
      - {x: -0.71999997, y: 1.0799999}
      - {x: -0.93, y: 1.01}
      - {x: -1.04, y: 0.91999996}
      - {x: -1.16, y: 0.79999995}
      - {x: -1.24, y: 0.61}
      - {x: -1.27, y: 0.53}
      - {x: -1.28, y: 0.42999998}
      - {x: -1.28, y: 0.19}
      - {x: -1.23, y: -0.06}
      - {x: -1.11, y: -0.31}
      - {x: -0.96, y: -0.5}
      - {x: -0.76, y: -0.69}
      - {x: -0.65, y: -0.78999996}
      - {x: -0.48, y: -0.90999997}
      - {x: -0.39999998, y: -0.96}
      - {x: -0.07, y: -1.12}
      - {x: 0.07, y: -1.16}
      - {x: 0.22, y: -1.16}
      - {x: 0.29, y: -1.1}
      - {x: 0.32, y: -1.04}
      - {x: 0.59, y: -0.9}
--- !u!114 &11495830
MonoBehaviour:
  m_ObjectHideFlags: 1
  m_PrefabParentObject: {fileID: 0}
  m_PrefabInternal: {fileID: 100100000}
  m_GameObject: {fileID: 137534}
  m_Enabled: 1
  m_EditorHideFlags: 0
  m_Script: {fileID: 11500000, guid: 51fe666ac99a0934b95eb299b9e9b8eb, type: 3}
  m_Name: 
  m_EditorClassIdentifier: 
  events:
    lights: []
    particleSystems: []
    animators: []
    advancedAnimators: []
    objectsToSpawn: []
    objectsToDestroy: []
  cutSceneDelay: 0
  cutScenes: []
  beginningDialogue:
    text: 
    audio: {fileID: 0}
    avatar: {fileID: 0}
  endDialogue:
    text: 
    audio: {fileID: 0}
    avatar: {fileID: 0}
  featureConfig:
    speed:
      isAffected: 0
      newSpeed: 0
    jumpPower:
      isAffected: 0
      newJumpPower: 0
    multiJumpAllowance:
      isAffected: 0
      newMultiJumpAllowance: 0
    gravityMultiplier:
      isAffected: 0
      newGravityMultiplier: 0
    wallJump:
      isAffected: 0
      newWallJump: 0
  lives: 1
  health: 0
  score: 0
  audioClips:
  - {fileID: 8300000, guid: 0625eac4041f6d24f8eeae82293c7cf2, type: 3}
  collectionEffect: {fileID: 19894690, guid: c549232af502c38429ad1e39b9310c58, type: 2}
  spawnOffset: {x: 0, y: 0}
--- !u!212 &21257086
SpriteRenderer:
  m_ObjectHideFlags: 1
  m_PrefabParentObject: {fileID: 0}
  m_PrefabInternal: {fileID: 100100000}
  m_GameObject: {fileID: 137534}
  m_Enabled: 1
  m_CastShadows: 0
  m_ReceiveShadows: 0
  m_Materials:
  - {fileID: 10754, guid: 0000000000000000e000000000000000, type: 0}
  m_SubsetIndices: 
  m_StaticBatchRoot: {fileID: 0}
  m_UseLightProbes: 0
  m_ReflectionProbeUsage: 0
  m_ProbeAnchor: {fileID: 0}
  m_ScaleInLightmap: 1
  m_PreserveUVs: 0
  m_IgnoreNormalsForChartDetection: 0
  m_ImportantGI: 0
  m_MinimumChartSize: 4
  m_AutoUVMaxDistance: 0.5
  m_AutoUVMaxAngle: 89
  m_LightmapParameters: {fileID: 0}
  m_SortingLayerID: -1945546267
  m_SortingOrder: 0
  m_Sprite: {fileID: 21300004, guid: 6849d368dc299d64695d876c7c040713, type: 3}
  m_Color: {r: 1, g: 0.9724138, b: 0, a: 1}
  m_FlipX: 0
  m_FlipY: 0
--- !u!1001 &100100000
Prefab:
  m_ObjectHideFlags: 1
  serializedVersion: 2
  m_Modification:
    m_TransformParent: {fileID: 0}
    m_Modifications:
    - target: {fileID: 0}
      propertyPath: audioClips.Array.size
      value: 1
      objectReference: {fileID: 0}
    - target: {fileID: 0}
      propertyPath: score
      value: 5
      objectReference: {fileID: 0}
    - target: {fileID: 0}
      propertyPath: audioClips.Array.data[0]
      value: 
      objectReference: {fileID: 8300000, guid: 0625eac4041f6d24f8eeae82293c7cf2, type: 3}
    - target: {fileID: 0}
      propertyPath: collectionEffect
      value: 
      objectReference: {fileID: 19894690, guid: c549232af502c38429ad1e39b9310c58,
        type: 2}
    - target: {fileID: 0}
      propertyPath: m_SortingOrder
      value: 0
      objectReference: {fileID: 0}
    - target: {fileID: 0}
      propertyPath: m_SortingLayerID
      value: -1945546267
      objectReference: {fileID: 0}
    m_RemovedComponents: []
  m_ParentPrefab: {fileID: 0}
  m_RootGameObject: {fileID: 137534}
  m_IsPrefabParent: 1
