%YAML 1.1
%TAG !u! tag:unity3d.com,2011:
--- !u!91 &9100000
AnimatorController:
  m_ObjectHideFlags: 0
  m_PrefabParentObject: {fileID: 0}
  m_PrefabInternal: {fileID: 0}
  m_Name: NPC2
  serializedVersion: 5
  m_AnimatorParameters:
  - m_Name: mode
    m_Type: 3
    m_DefaultFloat: 0
    m_DefaultInt: 0
    m_DefaultBool: 0
    m_Controller: {fileID: 9100000}
  - m_Name: FacingDirection
    m_Type: 1
    m_DefaultFloat: -1
    m_DefaultInt: 0
    m_DefaultBool: 0
    m_Controller: {fileID: 9100000}
  m_AnimatorLayers:
  - serializedVersion: 5
    m_Name: Base Layer
    m_StateMachine: {fileID: 110794544}
    m_Mask: {fileID: 0}
    m_Motions: []
    m_Behaviours: []
    m_BlendingMode: 0
    m_SyncedLayerIndex: -1
    m_DefaultWeight: 0
    m_IKPass: 0
    m_SyncedLayerAffectsTiming: 0
    m_Controller: {fileID: 9100000}
--- !u!206 &20691126
BlendTree:
  m_ObjectHideFlags: 1
  m_PrefabParentObject: {fileID: 0}
  m_PrefabInternal: {fileID: 0}
  m_Name: Idle
  m_Childs:
  - serializedVersion: 2
    m_Motion: {fileID: 7400000, guid: 14f95639c7f9a3a489d1c95bccc711a4, type: 2}
    m_Threshold: -1
    m_Position: {x: 0, y: 0}
    m_TimeScale: 1
    m_CycleOffset: 0
    m_DirectBlendParameter: FacingDirection
    m_Mirror: 0
  - serializedVersion: 2
    m_Motion: {fileID: 7400000, guid: 14f95639c7f9a3a489d1c95bccc711a4, type: 2}
    m_Threshold: 1
    m_Position: {x: 0, y: 0}
    m_TimeScale: 1
    m_CycleOffset: 0
    m_DirectBlendParameter: FacingDirection
    m_Mirror: 0
  m_BlendParameter: FacingDirection
  m_BlendParameterY: FacingDirection
  m_MinThreshold: -1
  m_MaxThreshold: 1
  m_UseAutomaticThresholds: 0
  m_NormalizedBlendValues: 0
  m_BlendType: 0
--- !u!206 &20692788
BlendTree:
  m_ObjectHideFlags: 3
  m_PrefabParentObject: {fileID: 0}
  m_PrefabInternal: {fileID: 0}
  m_Name: Patrol
  m_Childs:
  - serializedVersion: 2
    m_Motion: {fileID: 7400000, guid: 14f95639c7f9a3a489d1c95bccc711a4, type: 2}
    m_Threshold: -1
    m_Position: {x: 0, y: 0}
    m_TimeScale: 1
    m_CycleOffset: 0
    m_DirectBlendParameter: FacingDirection
    m_Mirror: 0
  - serializedVersion: 2
    m_Motion: {fileID: 7400000, guid: 14f95639c7f9a3a489d1c95bccc711a4, type: 2}
    m_Threshold: 1
    m_Position: {x: 0, y: 0}
    m_TimeScale: 1
    m_CycleOffset: 0
    m_DirectBlendParameter: FacingDirection
    m_Mirror: 0
  m_BlendParameter: FacingDirection
  m_BlendParameterY: FacingDirection
  m_MinThreshold: -1
  m_MaxThreshold: 1
  m_UseAutomaticThresholds: 0
  m_NormalizedBlendValues: 0
  m_BlendType: 0
--- !u!206 &20694544
BlendTree:
  m_ObjectHideFlags: 3
  m_PrefabParentObject: {fileID: 0}
  m_PrefabInternal: {fileID: 0}
  m_Name: Talk
  m_Childs:
  - serializedVersion: 2
    m_Motion: {fileID: 7400000, guid: 6d3a49e5faf7e3440b1fb12e4921d257, type: 2}
    m_Threshold: -1
    m_Position: {x: 0, y: 0}
    m_TimeScale: 1
    m_CycleOffset: 0
    m_DirectBlendParameter: FacingDirection
    m_Mirror: 0
  - serializedVersion: 2
    m_Motion: {fileID: 7400000, guid: be930a502bf568e44a96ddc0deb756b4, type: 2}
    m_Threshold: 1
    m_Position: {x: 0, y: 0}
    m_TimeScale: 1
    m_CycleOffset: 0
    m_DirectBlendParameter: FacingDirection
    m_Mirror: 0
  m_BlendParameter: FacingDirection
  m_BlendParameterY: FacingDirection
  m_MinThreshold: -1
  m_MaxThreshold: 1
  m_UseAutomaticThresholds: 0
  m_NormalizedBlendValues: 0
  m_BlendType: 0
--- !u!1101 &110144628
AnimatorStateTransition:
  m_ObjectHideFlags: 1
  m_PrefabParentObject: {fileID: 0}
  m_PrefabInternal: {fileID: 0}
  m_Name: 
  m_Conditions:
  - m_ConditionMode: 6
    m_ConditionEvent: mode
    m_EventTreshold: 0
  m_DstStateMachine: {fileID: 0}
  m_DstState: {fileID: 110278714}
  m_Solo: 0
  m_Mute: 0
  m_IsExit: 0
  serializedVersion: 3
  m_TransitionDuration: 0
  m_TransitionOffset: 0
  m_ExitTime: 0.9
  m_HasExitTime: 0
  m_HasFixedDuration: 1
  m_InterruptionSource: 0
  m_OrderedInterruption: 1
  m_CanTransitionToSelf: 1
--- !u!1101 &110173450
AnimatorStateTransition:
  m_ObjectHideFlags: 1
  m_PrefabParentObject: {fileID: 0}
  m_PrefabInternal: {fileID: 0}
  m_Name: 
  m_Conditions:
  - m_ConditionMode: 6
    m_ConditionEvent: mode
    m_EventTreshold: 1
  m_DstStateMachine: {fileID: 0}
  m_DstState: {fileID: 110257164}
  m_Solo: 0
  m_Mute: 0
  m_IsExit: 0
  serializedVersion: 3
  m_TransitionDuration: 0
  m_TransitionOffset: 0
  m_ExitTime: 0.9
  m_HasExitTime: 0
  m_HasFixedDuration: 1
  m_InterruptionSource: 0
  m_OrderedInterruption: 1
  m_CanTransitionToSelf: 1
--- !u!1101 &110182710
AnimatorStateTransition:
  m_ObjectHideFlags: 1
  m_PrefabParentObject: {fileID: 0}
  m_PrefabInternal: {fileID: 0}
  m_Name: 
  m_Conditions:
  - m_ConditionMode: 6
    m_ConditionEvent: mode
    m_EventTreshold: 0
  m_DstStateMachine: {fileID: 0}
  m_DstState: {fileID: 110278714}
  m_Solo: 0
  m_Mute: 0
  m_IsExit: 0
  serializedVersion: 3
  m_TransitionDuration: 0
  m_TransitionOffset: 0
  m_ExitTime: 0.25
  m_HasExitTime: 0
  m_HasFixedDuration: 1
  m_InterruptionSource: 0
  m_OrderedInterruption: 1
  m_CanTransitionToSelf: 1
--- !u!1101 &110186424
AnimatorStateTransition:
  m_ObjectHideFlags: 3
  m_PrefabParentObject: {fileID: 0}
  m_PrefabInternal: {fileID: 0}
  m_Name: 
  m_Conditions:
  - m_ConditionMode: 6
    m_ConditionEvent: mode
    m_EventTreshold: 1
  m_DstStateMachine: {fileID: 0}
  m_DstState: {fileID: 110257164}
  m_Solo: 0
  m_Mute: 0
  m_IsExit: 0
  serializedVersion: 3
  m_TransitionDuration: 0
  m_TransitionOffset: 0
  m_ExitTime: 0.9
  m_HasExitTime: 0
  m_HasFixedDuration: 1
  m_InterruptionSource: 0
  m_OrderedInterruption: 1
  m_CanTransitionToSelf: 1
--- !u!1101 &110186614
AnimatorStateTransition:
  m_ObjectHideFlags: 1
  m_PrefabParentObject: {fileID: 0}
  m_PrefabInternal: {fileID: 0}
  m_Name: 
  m_Conditions:
  - m_ConditionMode: 6
    m_ConditionEvent: mode
    m_EventTreshold: 2
  m_DstStateMachine: {fileID: 0}
  m_DstState: {fileID: 110267738}
  m_Solo: 0
  m_Mute: 0
  m_IsExit: 0
  serializedVersion: 3
  m_TransitionDuration: 0
  m_TransitionOffset: 0
  m_ExitTime: 0.9
  m_HasExitTime: 0
  m_HasFixedDuration: 1
  m_InterruptionSource: 0
  m_OrderedInterruption: 1
  m_CanTransitionToSelf: 0
--- !u!1102 &110257164
AnimatorState:
  serializedVersion: 5
  m_ObjectHideFlags: 3
  m_PrefabParentObject: {fileID: 0}
  m_PrefabInternal: {fileID: 0}
  m_Name: Patrol
  m_Speed: 1
  m_CycleOffset: 0
  m_Transitions:
  - {fileID: 110144628}
  m_StateMachineBehaviours: []
  m_Position: {x: 50, y: 50, z: 0}
  m_IKOnFeet: 0
  m_WriteDefaultValues: 1
  m_Mirror: 0
  m_SpeedParameterActive: 0
  m_MirrorParameterActive: 0
  m_CycleOffsetParameterActive: 0
  m_Motion: {fileID: 20692788}
  m_Tag: 
  m_SpeedParameter: 
  m_MirrorParameter: 
  m_CycleOffsetParameter: 
--- !u!1102 &110267738
AnimatorState:
  serializedVersion: 5
  m_ObjectHideFlags: 3
  m_PrefabParentObject: {fileID: 0}
  m_PrefabInternal: {fileID: 0}
  m_Name: Talk
  m_Speed: 1
  m_CycleOffset: 0
  m_Transitions:
  - {fileID: 110182710}
  m_StateMachineBehaviours: []
  m_Position: {x: 50, y: 50, z: 0}
  m_IKOnFeet: 0
  m_WriteDefaultValues: 1
  m_Mirror: 0
  m_SpeedParameterActive: 0
  m_MirrorParameterActive: 0
  m_CycleOffsetParameterActive: 0
  m_Motion: {fileID: 20694544}
  m_Tag: 
  m_SpeedParameter: 
  m_MirrorParameter: 
  m_CycleOffsetParameter: 
--- !u!1102 &110278714
AnimatorState:
  serializedVersion: 5
  m_ObjectHideFlags: 1
  m_PrefabParentObject: {fileID: 0}
  m_PrefabInternal: {fileID: 0}
  m_Name: Idle
  m_Speed: 1
  m_CycleOffset: 0
  m_Transitions:
  - {fileID: 110173450}
  m_StateMachineBehaviours: []
  m_Position: {x: 50, y: 50, z: 0}
  m_IKOnFeet: 0
  m_WriteDefaultValues: 1
  m_Mirror: 0
  m_SpeedParameterActive: 0
  m_MirrorParameterActive: 0
  m_CycleOffsetParameterActive: 0
  m_Motion: {fileID: 20691126}
  m_Tag: 
  m_SpeedParameter: 
  m_MirrorParameter: 
  m_CycleOffsetParameter: 
--- !u!1107 &110794544
AnimatorStateMachine:
  serializedVersion: 5
  m_ObjectHideFlags: 1
  m_PrefabParentObject: {fileID: 0}
  m_PrefabInternal: {fileID: 0}
  m_Name: Base Layer
  m_ChildStates:
  - serializedVersion: 1
    m_State: {fileID: 110257164}
    m_Position: {x: 600, y: 108, z: 0}
  - serializedVersion: 1
    m_State: {fileID: 110278714}
    m_Position: {x: 276, y: 108, z: 0}
  - serializedVersion: 1
    m_State: {fileID: 110267738}
    m_Position: {x: 276, y: 12, z: 0}
  m_ChildStateMachines: []
  m_AnyStateTransitions:
  - {fileID: 110186614}
  m_EntryTransitions: []
  m_StateMachineTransitions: {}
  m_StateMachineBehaviours: []
  m_AnyStatePosition: {x: 50, y: 20, z: 0}
  m_EntryPosition: {x: 50, y: 120, z: 0}
  m_ExitPosition: {x: 800, y: 120, z: 0}
  m_ParentStateMachinePosition: {x: 800, y: 20, z: 0}
  m_DefaultState: {fileID: 110278714}
