%YAML 1.1
%TAG !u! tag:unity3d.com,2011:
--- !u!1 &112732
GameObject:
  m_ObjectHideFlags: 0
  m_PrefabParentObject: {fileID: 0}
  m_PrefabInternal: {fileID: 100100000}
  serializedVersion: 4
  m_Component:
  - 4: {fileID: 443522}
  - 212: {fileID: 21250110}
  - 95: {fileID: 9557606}
  - 114: {fileID: 11472464}
  m_Layer: 0
  m_Name: coin_silver1_0
  m_TagString: Untagged
  m_Icon: {fileID: 0}
  m_NavMeshLayer: 0
  m_StaticEditorFlags: 0
  m_IsActive: 1
--- !u!4 &443522
Transform:
  m_ObjectHideFlags: 1
  m_PrefabParentObject: {fileID: 0}
  m_PrefabInternal: {fileID: 100100000}
  m_GameObject: {fileID: 112732}
  m_LocalRotation: {x: 0, y: 0, z: 0, w: 1}
  m_LocalPosition: {x: 10.78, y: 6.15, z: 0}
  m_LocalScale: {x: 1, y: 1, z: 1}
  m_Children: []
  m_Father: {fileID: 0}
  m_RootOrder: 0
--- !u!95 &9557606
Animator:
  serializedVersion: 3
  m_ObjectHideFlags: 1
  m_PrefabParentObject: {fileID: 0}
  m_PrefabInternal: {fileID: 100100000}
  m_GameObject: {fileID: 112732}
  m_Enabled: 1
  m_Avatar: {fileID: 0}
  m_Controller: {fileID: 9100000, guid: 297b8ad5b9aab45409fda474c82472b0, type: 2}
  m_CullingMode: 0
  m_UpdateMode: 0
  m_ApplyRootMotion: 0
  m_LinearVelocityBlending: 0
  m_WarningMessage: 
  m_HasTransformHierarchy: 1
  m_AllowConstantClipSamplingOptimization: 1
--- !u!114 &11472464
MonoBehaviour:
  m_ObjectHideFlags: 1
  m_PrefabParentObject: {fileID: 0}
  m_PrefabInternal: {fileID: 100100000}
  m_GameObject: {fileID: 112732}
  m_Enabled: 1
  m_EditorHideFlags: 0
  m_Script: {fileID: 11500000, guid: 51fe666ac99a0934b95eb299b9e9b8eb, type: 3}
  m_Name: 
  m_EditorClassIdentifier: 
  events:
    lights: []
    particleSystems: []
    animators: []
    advancedAnimators: []
    objectsToSpawn: []
    objectsToDestroy: []
  cutSceneDelay: 0
  cutScenes: []
  beginningDialogue:
    text: 
    audio: {fileID: 0}
    avatar: {fileID: 0}
  endDialogue:
    text: 
    audio: {fileID: 0}
    avatar: {fileID: 0}
  featureConfig:
    speed:
      isAffected: 0
      newSpeed: 0
    jumpPower:
      isAffected: 0
      newJumpPower: 0
    multiJumpAllowance:
      isAffected: 0
      newMultiJumpAllowance: 0
    gravityMultiplier:
      isAffected: 0
      newGravityMultiplier: 0
    wallJump:
      isAffected: 0
      newWallJump: 0
  lives: 0
  health: 0
  score: 5
  audioClips:
  - {fileID: 8300000, guid: 9802c2eedd1c62143a4b111e8d78c805, type: 3}
  - {fileID: 8300000, guid: 6da33a30511d5414ea3172aa2f6c2e23, type: 3}
  - {fileID: 8300000, guid: aa6d6a7ef0d458347b254925047b7db3, type: 3}
  - {fileID: 8300000, guid: 0175ee5180943934aab182f1549e4b61, type: 3}
  collectionEffect: {fileID: 19894690, guid: c549232af502c38429ad1e39b9310c58, type: 2}
  spawnOffset: {x: 0, y: 0}
--- !u!212 &21250110
SpriteRenderer:
  m_ObjectHideFlags: 1
  m_PrefabParentObject: {fileID: 0}
  m_PrefabInternal: {fileID: 100100000}
  m_GameObject: {fileID: 112732}
  m_Enabled: 1
  m_CastShadows: 0
  m_ReceiveShadows: 0
  m_Materials:
  - {fileID: 10754, guid: 0000000000000000e000000000000000, type: 0}
  m_SubsetIndices: 
  m_StaticBatchRoot: {fileID: 0}
  m_UseLightProbes: 0
  m_ReflectionProbeUsage: 0
  m_ProbeAnchor: {fileID: 0}
  m_ScaleInLightmap: 1
  m_PreserveUVs: 0
  m_IgnoreNormalsForChartDetection: 0
  m_ImportantGI: 0
  m_MinimumChartSize: 4
  m_AutoUVMaxDistance: 0.5
  m_AutoUVMaxAngle: 89
  m_LightmapParameters: {fileID: 0}
  m_SortingLayerID: 0
  m_SortingOrder: 0
  m_Sprite: {fileID: 21300000, guid: d60918a350f9a4349a79b3e34ff25c5f, type: 3}
  m_Color: {r: 1, g: 1, b: 1, a: 1}
  m_FlipX: 0
  m_FlipY: 0
--- !u!1001 &100100000
Prefab:
  m_ObjectHideFlags: 1
  serializedVersion: 2
  m_Modification:
    m_TransformParent: {fileID: 0}
    m_Modifications: []
    m_RemovedComponents: []
  m_ParentPrefab: {fileID: 0}
  m_RootGameObject: {fileID: 112732}
  m_IsPrefabParent: 1
